% This file was created with JabRef 2.6.
% Encoding: Cp1252


@mastersthesis{rota,
  title = {Clustering con affinità asimmetriche: un approccio basato sulla teoria dei giochi},
  year = {2005},
  author = {Samuel Rota Bulò},
  school = {Università Ca' Foscari di Venezia}
}


@article{prune,
  author = {Giovanna Castellano, Anna Maria Fanelli and Marcello Pelillo},
  title = {An Iterative Pruning Algorithm for Feedforward Neural Networks},
  journal = {IEEE TRANSACTIONS ON NEURAL NETWORKS},
  year = {1997},
  volume = {8},
  number = {3},
  month = {May},
}


@book{cormen:2001,
  title = {{A}rtificial {I}ntelligence, {A} {M}odern {A}pproach},
  publisher = {Pearson},
  year = {2001},
  author = {Stuart Russel, Peter Norvig},
  edition = {Third}
}

@booklet{rota2,
  title = {Appunti di Reti Neurali},
  author = {Samuel Rota Bulò},
  note = {\url{http://www.dsi.unive.it/~srotabul/files/AppuntiRetiNeurali.pdf}}
}

@booklet{backpro,
  title = {Identificazione Di Modelli Attraverso Reti Neurali},
  author = {Andrea Casavola, Gullì Daniel}
}

@misc{slides,
  title = {Slides del corso Intelligenza Artificiale},
  author = {Marcello Pelillo},
  year = {2013},
  note = {\url{http://www.dsi.unive.it/~pelillo/Didattica/}}
}

@misc{mauro,
  title = {{A}ppunti di {M}auro {T}empesta},
  author = {Mauro Tempesta},
  year = {2012}
}